
@article{McClintock_2021,
title={Worth the effort? A practical examination of random effects in hidden Markov models for animal telemetry data},
author={McClintock, Brett T.},
journal={Methods in Ecology and Evolution},
year={2021},
volume={12},
number={8},
pages={1475-1497},
howpublished = {\url{https://doi.org/10.1111/2041-210X.13619}}
}
@article{jonsen2016joint,
  title={Joint estimation over multiple individuals improves behavioural state inference from animal movement data},
  author={Jonsen, Ian},
  journal={Scientific reports},
  volume={6},
  number={1},
  pages={20625},
  year={2016},
  publisher={Nature Publishing Group UK London}
  howpublished={\url{https://doi.org/10.1038/srep20625}}
}

@proceeding{murphy_hidden_nodate,
title={Hidden semi-{Markov} models ({HSMMs})},
author={Murphy, Kevin P},
year={2002},
howpublished ={\url{https://www.bibsonomy.org/bibtex/2a51f1568327f4adcdf53d65cb7963681/gregoryy}}
}

@artice{Shappell_Caffo_Pekar_Lindquist_2019,
title={Improved state change estimation in dynamic functional connectivity using hidden semi-Markov models},
author={Shappell, Heather and Caffo, Brian S. and Pekar, James J. and Lindquist, Martin A.},
journal={NeuroImage},
year={2019},
volume={191},
pages={243-257},
howpublished = {\url{https://doi.org/10.1016/j.neuroimage.2019.02.013}}
}

@artice{white_converging_2015,
title={Converging Patterns of Alcohol Use and Related Outcomes Among Females and Males in the United States, 2002 to 2012},
author={White, Aaron and Castle, I-Jen P. and Chen, Chiung M. and Shirley, Mariela and Roach, Deidra and Hingson, Ralph},
journal={Alcoholism: Clinical and Experimental Research},
year={2015},
volume={39},
number={9},
pages={1712-1726},
howpublished = {\url{https://doi.org/10.1111/acer.12815}}
}

@artice{Visser_Speekenbrink_2010,
title={depmixS4 : An R Package for Hidden Markov Models},
author={Visser, Ingmar and Speekenbrink, Maarten},
journal={Journal of Statistical Software},
year={2010},
volume={36},
number={7},
howpublished = {\url{https://doi.org/10.18637/jss.v036.i07}}
}

@artice{Bos_2022,
title={Anticipating manic and depressive transitions in patients with bipolar disorder using early warning signals},
author={Bos, Fionneke M. and Schreuder, Marieke J. and George, Sandip V. and Doornbos, Bennard and Bruggeman, Richard and Van Der Krieke, Lian and Haarman, Bartholomeus C. M. and Wichers, Marieke and Snippe, Evelien},
journal={International Journal of Bipolar Disorders},
year={2022},
volume={10},
number={1},
pages={12},
howpublished = {\url{https://doi.org/10.1186/s40345-022-00258-4}}
}

@artice{Bishop_2013,
title={Model-based machine learning},
author={Bishop, Christopher M.},
journal={Philosophical Transactions of the Royal Society A: Mathematical, Physical and Engineering Sciences},
year={2013},
volume={371},
number={1984},
howpublished = {\url{https://doi.org/10.1098/rsta.2012.0222}}
}

@artice{mitchell_complexity_1995,
title={On the complexity of explicit duration {HMM}'s},
author={Mitchell, C. and Harper, M. and Jamieson, L.},
journal={IEEE Transactions on Speech and Audio Processing},
year={1995},
volume={3},
number={3},
pages={213-217},
howpublished = {\url{https://doi.org/10.1109/89.388149}}
}

@proceeding{johnson_bayesian_nodate,
title={Bayesian {Nonparametric} {Hidden} {Semi}-{Markov} {Models}},
author={Johnson, Matthew J and Willsky, Alan S},
year={2013},
howpublished = {\url{https://doi.org/10.48550/arXiv.1203.1365}}
}

@artice{shirley_hidden_2010,
title={Hidden Markov models for alcoholism treatment trial data},
author={Shirley, Kenneth E. and Small, Dylan S. and Lynch, Kevin G. and Maisto, Stephen A. and Oslin, David W.},
journal={The Annals of Applied Statistics},
year={2010},
volume={4},
number={1},
howpublished = {\url{https://doi.org/10.1214/09-AOAS282}}
}

@artice{shiffman_ecological_2008,
title={Ecological Momentary Assessment},
author={Shiffman, Saul and Stone, Arthur A. and Hufford, Michael R.},
journal={Annual Review of Clinical Psychology},
year={2008},
volume={4},
number={1},
pages={1-32},
howpublished = {\url{https://doi.org/10.1146/annurev.clinpsy.3.022806.091415}}
}

@artice{El_Moursy_ElAzhary_Younis_2014,
title={High-accuracy hierarchical parallel technique for hidden Markov model-based 3D magnetic resonance image brain segmentation: HIGH-ACCURACY HIERARCHICAL PARALLEL HMM FOR 3D MRI BRAIN SEGMENTATION},
author={El-Moursy, Ali A. and ElAzhary, Hanan and Younis, Akmal},
journal={Concurrency and Computation: Practice and Experience},
year={2014},
volume={2},
number={1},
pages={194–216},
howpublished = {\url{https://doi.org/10.1002/cpe.2959}}
}

@artice{kirchherr_bayesian_2022,
title={Bayesian multilevel hidden {Markov} models identify stable state dynamics in longitudinal recordings from macaque primary motor cortex},
author={Kirchherr, Sebastien and Moraga, Sebastian Mildiner and Coudé, Gino and Bimbi, Marco and Ferrari, Pier F and Aarts, Emmeke and Bonaiuto, James J},
journal={bioRxiv},
year={2022},
howpublished = {\url{https://doi.org/10.1101/2022.10.17.512024}}
}

@artice{dewar_inference_2012,
title={Inference in {Hidden} {Markov} {Models} with {Explicit} {State} {Duration} {Distributions}},
author={Dewar, Michael and Wiggins, Chris and Wood, Frank},
journal={IEEE Signal Processing Letters},
year={2012},
volume={19},
number={4},
pages={235–238},
howpublished = {\url{https://doi.org/10.48550/ARXIV.1203.0038}}
}

@artice{McKellar_Langrock_Walters_Kesler_2015,
title={Using mixed hidden Markov models to examine behavioral states in a cooperatively breeding bird},
author={McKellar, Ann E. and Langrock, Roland and Walters, Jeffrey R. and Kesler, Dylan C.},
journal={Behavioral Ecology},
year={2015},
volume={26},
number={1},
pages={148–157},
howpublished = {\url{https://doi.org/10.1093/beheco/aru171}}
}

@artice{Haji_Maghsoudi_Bulla_Sadeghifar_Roshanaei_Mahjub_2021,
title={Generalized linear mixed hidden semi‐Markov models in longitudinal settings: A Bayesian approach},
author={Haji‐Maghsoudi, Saiedeh and Bulla, Jan and Sadeghifar, Majid and Roshanaei, Ghodratollah and Mahjub, Hossei},
journal={Statistics in Medicine},
year={2021},
volume={40},
number={10},
pages={2373–2388},
howpublished = {\url{https://doi.org/10.1002/sim.8908}}
}

@artice{Yue_Jiao_Zha_Yin_2015,
title={A Logical Hierarchical Hidden Semi-Markov Model for Team Intention Recognition},
author={Yue, Shi-guang and Jiao, Peng and Zha, Ya-bing and Yin, Quan-jun},
journal={Discrete Dynamics in Nature and Society},
year={2015},
volume={2015},
pages={1–19},
howpublished = {\url{https://doi.org/10.1155/2015/975951}}
}

@artice{Guédon_2007,
title={Exploring the state sequence space for hidden Markov and semi-Markov chains},
author={Guédon, Yann},
journal={Computational Statistics & Data Analysis},
year={2007},
volume={51},
number={5},
pages={2379–2409},
howpublished = {\url{https://doi.org/10.1016/j.csda.2006.03.015}}
}

@artice{Raffa_Dubin_2015,
title={Multivariate longitudinal data analysis with mixed effects hidden Markov models: Multivariate Response Mixed Effects Hidden Markov Models},
author={Raffa, Jesse D. and Dubin, Joel A.},
journal={Biometrics},
year={2015},
volume={71},
number={3},
pages={821–831},
howpublished = {\url{https://doi.org/10.1111/biom.12296}}
}

@artice{maruotti_multilevel_2022,
title={Multilevel Hidden Markov Models for Behavioral Data: A Hawk-and-Dove Experiment},
author={Maruotti, Antonello and Fabbri, Marco and Rizzolli, Matteo},
journal={Multivariate Behavioral Research},
year={2022},
volume={57},
number={5},
pages={825-839},
howpublished = {\url{https://doi.org/10.1080/00273171.2021.1912583}}
}

@artice{altman_mixed_2007,
title={Mixed {Hidden} {Markov} {Models}: {An} {Extension} of the {Hidden} {Markov} {Model} to the {Longitudinal} {Data} {Setting}},
author={Altman, Rachel MacKay},
journal={Journal of the American Statistical Association},
year={2007},
volume={102},
number={477},
pages={201-210},
howpublished = {\url{https://doi.org/10.1198/016214506000001086}}
}

@artice{hamaker_no_2017,
title={No Time Like the Present: Discovering the Hidden Dynamics in Intensive Longitudinal Data},
author={Hamaker, Ellen L. and Wichers, Marieke},
journal={Current Directions in Psychological Science},
year={2017},
volume={26},
number={1},
pages={10-15},
howpublished = {\url{https://doi.org/10.1177/0963721416666518}}
}

@artice{sansom_fitting_2001,
title={Fitting Hidden Semi-Markov Models to Breakpoint Rainfall Data},
author={Sansom, John and Thomson, Peter},
journal={Journal of Applied Probability},
year={2001},
volume={38},
number={A},
pages={142-157},
howpublished = {\url{https://doi.org/10.1239/jap/1085496598}}
}

@artice{maruotti_mixed_2011,
title={Mixed Hidden Markov Models for Longitudinal Data: An Overview},
author={Maruotti, Antonello},
journal={International Statistical Review},
year={2011},
volume={79},
number={3},
pages={427-454},
howpublished = {\url{https://doi.org/10.1111/j.1751-5823.2011.00160.x}}
}

@artice{delattre_inference_2010,
title={Inference in Mixed Hidden Markov Models and Applications to Medical Studies},
author={Delattre, Maud},
journal={Journal de la Societe Française de Statistique},
year={2010},
volume={151},
number={1},
pages={90-105},
howpublished = {\url{http://www.numdam.org/item/JSFS_2010__151_1_90_0/}}
}

@artice{c_detilleux_analysis_2008,
title={The analysis of disease biomarker data using a mixed hidden Markov model (Open Access publication)},
author={C. Detilleux, Johann},
journal={Genetics Selection Evolution},
year={2008},
volume={40},
number={5},
pages={491-509},
howpublished = {\url{https://doi.org/10.1051/gse:2008017}}
}


@artice{ageranioti-belanger_behaviour_2012,
title={Behaviour disorders in children with an intellectual disability},
author={Ageranioti-Bélanger, Stacey and Brunet, Suzanne and D’Anjou, Guy and Tellier, Geneviève and Boivin, Johanne and Gauthier, Marie},
journal={Paediatrics \& Child Health},
year={2012},
volume={17},
number={2},
pages={84-88},
howpublished = {\url{https://doi.org/10.1093/pch/17.2.84}}
}

@artice{lauvsnes_predicting_2022,
title={Predicting Relapse in Substance Use: Prospective Modeling Based on Intensive Longitudinal Data on Mental Health, Cognition, and Craving},
author={Lauvsnes, Anders Dahlen Forsmo and Gråwe, Rolf W. and Langaas, Mette},
journal={Brain Sciences},
year={2022},
volume={12},
number={7},
pages={957},
howpublished = {\url{https://doi.org/10.3390/brainsci12070957}}
}

@artice{mcneish_measurement_2021,
title={Measurement in Intensive Longitudinal Data},
author={{McNeish}, Daniel and Mackinnon, David P. and Marsch, Lisa A. and Poldrack, Russell A.},
journal={Structural Equation Modeling: A Multidisciplinary Journal},
year={2021},
volume={28},
number={5},
pages={807-822},
howpublished = {\url{https://doi.org/10.1080/10705511.2021.1915788}}
}

@artice{levinson_longitudinal_2022,
title={Longitudinal group and individual networks of eating disorder symptoms in individuals diagnosed with an eating disorder},
author={Levinson, Cheri A. and Hunt, Rowan A. and Christian, Caroline and Williams, Brenna M. and Keshishian, Ani C. and Vanzhula, Irina A. and Ralph-Nearman, Christina},
journal={Journal of Psychopathology and Clinical Science},
year={2022},
volume={131},
number={1},
pages={58-72},
howpublished = {\url{https://doi.org/10.1037/abn0000727}}
}

@artice{levinson_longitudinal_2018,
title={Longitudinal and personalized networks of eating disorder cognitions and behaviors: Targets for precision intervention a proof of concept study},
author={Levinson, Cheri A. and Vanzhula, Irina and Brosof, Leigh C.},
journal={Levinson, Cheri A. and Vanzhula, Irina and Brosof, Leigh C.},
year={2018},
volume={51},
number={11},
pages={1233-1243},
howpublished = {\url{https://doi.org/10.1002/eat.22952}}
}

@artice{levinson_using_2021,
title={Using individual networks to identify treatment targets for eating disorder treatment: a proof-of-concept study and initial data},
author={Levinson, Cheri A. and Hunt, Rowan A. and Keshishian, Ani C. and Brown, Mackenzie L. and Vanzhula, Irina and Christian, Caroline and Brosof, Leigh C. and Williams, Brenna M.},
journal={Journal of Eating Disorders},
year={2021},
volume={9},
number={1},
pages={147},
howpublished = {\url{https://doi.org/10.1186/s40337-021-00504-7}}
}

@artice{neubauer_studying_2020,
title={Studying Within-Person Variation and Within-Person Couplings in Intensive Longitudinal Data: Lessons Learned and to Be Learned},
author={Neubauer, Andreas B. and Schmiedek, Florian},
journal={Gerontology},
year={2020},
volume={66},
number={4},
pages={332-339},
howpublished = {\url{https://doi.org/10.1159/000507993}}
}

@artice{davydow_longitudinal_2013,
title={A longitudinal investigation of posttraumatic stress and depressive symptoms over the course of the year following medical–surgical intensive care unit admission},
author={Davydow, Dimitry S. and Zatzick, Douglas and Hough, Catherine L. and Katon, Wayne J.},
journal={General Hospital Psychiatry},
year={2013},
volume={35},
number={3},
pages={226-232},
howpublished = {\url{https://doi.org/10.1016/j.genhosppsych.2012.12.005}}
}

@artice{Juang_Rabiner_1991,
title={Hidden Markov Models for Speech Recognition},
author={Juang, B. H. and Rabiner, L. R.},
journal={Technometrics},
year={1991},
volume={33},
number={3},
pages={251–272},
howpublished = {\url{https://doi.org/10.1080/00401706.1991.10484833}}
}

@artice{zander-schellenberg_does_2020,
title={Does laughing have a stress-buffering effect in daily life? An intensive longitudinal study},
author={Zander-Schellenberg, Thea and Collins, Isabella Mutschler and Miché, Marcel and Guttmann, Camille and Lieb, Roselind and Wahl, Karina},
journal={{PLOS} {ONE}},
year={2020},
volume={15},
number={7},
howpublished = {\url{https://doi.org/10.1371/journal.pone.0235851}}
}
 
@artice{collins_analysis_2006,
title={Analysis of Longitudinal Data: The Integration of Theoretical Model, Temporal Design, and Statistical Model},
author={Collins, Linda M.},
journal={Annual Review of Psychology},
year={2006},
volume={57},
number={1},
pages={505-528},
howpublished = {\url{https://doi.org/10.1146/annurev.psych.57.102904.190146}}
}

@artice{dunton_how_2019,
title={How intensive longitudinal data can stimulate advances in health behavior maintenance theories and interventions},
author={Dunton, Genevieve F and Rothman, Alexander J and Leventhal, Adam M and Intille, Stephen S},
journal={Translational Behavioral Medicine},
year={2019},
volume={11},
number={1},
pages={281-286},
howpublished = {\url{https://doi.org/10.1093/tbm/ibz165}}
}

@artice{morgenstern_within-person_2016,
title={Within-person associations between daily motivation and self-efficacy and drinking among problem drinkers in treatment.},
author={Morgenstern, Jon and Kuerbis, Alexis and Houser, Jessica and Muench, Frederick J. and Shao, Sijing and Treloar, Hayley},
journal={Psychology of Addictive Behaviors},
year={2016},
volume={30},
number={6},
pages={630-638},
howpublished = {\url{https://doi.org/10.1037/adb0000204}}
}

@artice{riley_mobile_2015,
title={Mobile and Wireless Technologies in Health Behavior and the Potential for Intensively Adaptive Interventions},
author={Riley, William T. and Serrano, Katrina J. and Nilsen, Wendy and Atienza, Audie A.},
journal={Current opinion in psychology},
year={2015},
volume={5},
pages={67-71},
howpublished = {\url{https://doi.org/10.1016/j.copsyc.2015.03.024}}
}

@artice{pearson_use_2013,
title={Use of alcohol protective behavioral strategies among college students: A critical review},
author={Pearson, Matthew R.},
journal={Clinical Psychology Review},
year={2013},
volume={33},
number={8},
pages={1025-1040},
howpublished = {\url{https://doi.org/10.1016/j.cpr.2013.08.006}}
}

@artice{oravecz_hierarchical_2011,
title={A hierarchical latent stochastic differential equation model for affective dynamics.},
author={Oravecz, Zita and Tuerlinckx, Francis and Vandekerckhove, Joachim},
journal={Psychological Methods},
year={2011},
volume={16},
number={4},
pages={468-490},
howpublished = {\url{https://doi.org/10.1037/a0024375}}
}

@artice{kuehn_meta-analysis_2022,
title={A meta-analysis on the affect regulation function of real-time self-injurious thoughts and behaviours},
author={Kuehn, Kevin S. and Dora, Jonas and Harned, Melanie S. and Foster, Katherine T. and Song, Frank and Smith, Michele R. and King, Kevin M.},
journal={Nature Human Behaviour},
year={2022},
volume={6},
number={7},
pages={964-974},
howpublished = {\url{https://doi.org/10.1038/s41562-022-01340-8}}
}

@artice{elliston_situational_2017,
title={Situational cues and momentary food environment predict everyday eating behavior in adults with overweight and obesity},
author={Elliston, Katherine G. and Ferguson, Stuart G. and Schüz, Natalie and Schüz, Benjamin},
journal={Health Psychology},
year={2017},
volume={36},
number={4},
pages={337-345},
howpublished = {\url{https://doi.org/10.1037/hea0000439}}
}

@artice{krone_multivariate_2018,
title={A multivariate statistical model for emotion dynamics.},
author={Krone, Tanja and Albers, Casper J. and Kuppens, Peter and Timmerman, Marieke E.},
journal={Emotion},
year={2018},
volume={18},
number={5},
pages={739-754},
howpublished = {\url{https://doi.org/10.1037/emo0000384}}
}

@artice{brick_recurrence_2018,
title={Recurrence Quantification for the Analysis of Coupled Processes in Aging},
author={Brick, Timothy R and Gray, Allison L and Staples, Angela D},
journal={The Journals of Gerontology: Series B},
year={2018},
volume={73},
number={1},
pages={134-147},
howpublished = {\url{https://doi.org/10.1093/geronb/gbx018}}
}

@artice{vogelsmeier_latent_2021,
title={Latent Markov Latent Trait Analysis for Exploring Measurement Model Changes in Intensive Longitudinal Data},
author={Vogelsmeier, Leonie V. D. E. and Vermunt, Jeroen K. and Keijsers, Loes and De Roover, Kim},
journal={Evaluation \& the Health Professions},
year={2021},
volume={44},
number={1},
pages={61-76},
howpublished = {\url{https://doi.org/10.1177/0163278720976762}}
}

@artice{trail_functional_2014,
title={Functional data analysis for dynamical system identification of behavioral processes},
author={Trail, Jessica B. and Collins, Linda M. and Rivera, Daniel E. and Li, Runze and Piper, Megan E. and Baker, Timothy B.},
journal={Psychological Methods},
year={2014},
volume={19},
number={2},
pages={175-187},
howpublished = {\url{https://doi.org/10.1037/a0034035}}
}

@artice{lane_uncovering_2019,
title={Uncovering general, shared, and unique temporal patterns in ambulatory assessment data},
author={Lane, Stephanie T. and Gates, Kathleen M. and Pike, Hallie K. and Beltz, Adriene M. and Wright, Aidan G. C.},
journal={Psychological Methods},
year={2019},
volume={24},
number={1},
pages={54-69},
howpublished = {\url{https://doi.org/10.1037/met0000192}}
}

@artice{gottfredson_drinking_2013,
title={Drinking to Dampen Affect Variability: Findings From a College Student Sample},
author={Gottfredson, Nisha C. and Hussong, Andrea M.},
journal={Journal of Studies on Alcohol and Drugs},
year={2013},
volume={74},
number={4},
pages={576-583},
howpublished = {\url{https://doi.org/10.15288/jsad.2013.74.576}}
}

@artice{courvoisier_sex_2013,
title={Sex hormones and mental rotation: An intensive longitudinal investigation},
author={Courvoisier, Delphine S. and Renaud, Olivier and Geiser, Christian and Paschke, Kerstin and Gaudy, Kevin and Jordan, Kirsten},
journal={Hormones and Behavior},
year={2013},
volume={63},
number={2},
pages={345-351},
howpublished = {\url{https://doi.org/10.1016/j.yhbeh.2012.12.007}}
}

@artice{blumenthal_links_2019,
title={The Links Between Social Anxiety Disorder, Insomnia Symptoms, and Alcohol Use Disorders: Findings From a Large Sample of Adolescents in the United States},
author={Blumenthal, Heidemarie and Taylor, Daniel J. and Cloutier, Renee M. and Baxley, Catherine and Lasslett, Heather},
journal={Behavior Therapy},
year={2019},
volume={50},
number={1},
pages={50-59},
howpublished = {\url{https://doi.org/10.1016/j.beth.2018.03.010}}
}

@artice{hecht_computationally_2020,
title={A Computationally More Efficient Bayesian Approach for Estimating Continuous-Time Models},
author={Hecht, Martin and Zitzmann, Steffen},
journal={Structural Equation Modeling: A Multidisciplinary Journal},
year={2020},
volume={27},
number={6},
pages={829-840},
howpublished = {\url{https://doi.org/10.1080/10705511.2020.1719107}}
}

@artice{hamaker_at_2018,
title={At the Frontiers of Modeling Intensive Longitudinal Data: Dynamic Structural Equation Models for the Affective Measurements from the {COGITO} Study},
author={Hamaker, E. L. and Asparouhov, T. and Brose, A. and Schmiedek, F. and Muthén, B.},
journal={Multivariate Behavioral Research},
year={2018},
volume={53},
number={6},
pages={820-841},
howpublished = {\url{https://doi.org/10.1080/00273171.2018.1446819}}
}

@artice{kuranova_reflections_2021,
title={Reflections on psychological resilience: a comparison of three conceptually different operationalizations in predicting mental health},
author={Kuranova, Anna and Booij, Sanne H. and Oldehinkel, Albertine J. and Wichers, Marieke and Jeronimus, Bertus and Wigman, Johanna T.W.},
journal={European Journal of Psychotraumatology},
year={2021},
volume={12},
number={1},
howpublished = {\url{https://doi.org/10.1080/20008198.2021.1956802}}
}

@artice{berger_time_2021,
title={A time series analysis of the relation between motor skill acquisition and sleep in infancy},
author={Berger, Sarah E. and Moore, Calandra T.},
journal={Infant Behavior and Development},
year={2021},
volume={65},
howpublished = {\url{https://doi.org/10.1016/j.infbeh.2021.101654}}
}

@artice{van_der_tuin_dynamic_2022,
title={Dynamic symptom networks across different at-risk stages for psychosis: An individual and transdiagnostic perspective},
author={van der Tuin, Sara and Balafas, Spyros E. and Oldehinkel, Albertine J. and Wit, Ernst C. and Booij, Sanne H. and Wigman, Johanna T. W.},
journal={Schizophrenia Research},
year={2022},
volume={239},
pages={95-102},
howpublished = {\url{https://doi.org/10.1016/j.schres.2021.11.018}}
}

@artice{ruissen_analysis_2021,
title={Analysis of dynamic psychological processes to understand and promote physical activity behaviour using intensive longitudinal methods: a primer},
author={Ruissen, Geralyn R. and Zumbo, Bruno D. and Rhodes, Ryan E. and Puterman, Eli and Beauchamp, Mark R.},
journal={Health Psychology Review},
year={2021},
volume={16},
number={4},
pages={1-34},
howpublished = {\url{https://doi.org/10.1080/17437199.2021.1987953}}
}

@artice{richardson_regression_2017,
title={Regression tree analysis of ecological momentary assessment data},
author={Richardson, Ben and Fuller-Tyszkiewicz, Matthew and O’Donnell, Renee and Ling, Mathew and Staiger, Petra K.},
journal={Health Psychology Review},
year={2017},
volume={11},
number={3},
pages={235-241},
howpublished = {\url{https://doi.org/10.1080/17437199.2017.1343677}}
}

@artice{bollen_latent_2002,
title={Latent Variables in Psychology and the Social Sciences},
author={Bollen, Kenneth A.},
journal={Annual Review of Psychology},
year={2002},
volume={53},
number={1},
pages={605-634},
howpublished = {\url{https://doi.org/10.1146/annurev.psych.53.100901.135239}}
}

@artice{huys_computational_2016,
title={Computational psychiatry as a bridge from neuroscience to clinical applications},
author={Huys, Quentin J M and Maia, Tiago V and Frank, Michael J},
journal={Nature Neuroscience},
year={2016},
volume={19},
number={3},
pages={404-413},
howpublished = {\url{https://doi.org/10.1038/nn.4238}}
}

@artice{martindale_smart_2017,
title={Smart Annotation of Cyclic Data Using Hierarchical Hidden Markov Models},
author={Martindale, Christine and Hoenig, Florian and Strohrmann, Christina and Eskofier, Bjoern},
journal={Sensors},
year={2017},
volume={17},
number={10},
howpublished = {\url{https://doi.org/10.3390/s17102328}}
}
@article{ARIENS2020110191,
title = {Time series analysis of intensive longitudinal data in psychosomatic research: A methodological overview},
journal = {Journal of Psychosomatic Research},
volume = {137},
pages = {110191},
year = {2020},
howpublished ={ \url{https://doi.org/10.1016/j.jpsychores.2020.110191}},
author = {Sigert Ariens and Eva Ceulemans and Janne K. Adolf}
}
@artice{hamaker_modeling_2015,
title={Modeling Affect Dynamics: State of the Art and Future Challenges},
author={Hamaker, E. L. and Ceulemans, E. and Grasman, R. P. P. P. and Tuerlinckx, F.},
journal={Emotion Review},
year={2015},
volume={7},
number={4},
pages={316-322},
howpublished = {\url{https://doi.org/10.1177/1754073915590619}}
}

@artice{du_roy_de_chaumaray_mixture_2020,
title={Mixture of hidden Markov models for accelerometer data},
author={Du Roy de Chaumaray, Marie and Marbac, Matthieu and Navarro, Fabien},
journal={Annals of Applied Statistics},
year={2020},
volume={14},
number={4},
pages={1834-1855},
howpublished = {\url{https://doi.org/10.1214/20-AOAS1375}}
}

@artice{Krueger_1999,
title={The Structure of Common Mental Disorders},
author={Krueger, Robert F.},
journal={Archives of General Psychiatry},
year={1999},
volume={56},
number={10},
pages={921},
howpublished = {\url{https://doi.org/10.1001/archpsyc.56.10.921}}
}

@artice{Hu_De_Gruttola_2007,
title={Joint Modeling of Progression of HIV Resistance Mutations Measured with Uncertainty and Failure Time Data},
author={Hu, Chengcheng, De Gruttola, Victor},
journal={Biometrics},
year={2007},
volume={63},
number={1},
pages={60-68},
howpublished = {\url{https://doi.org/10.1111/j.1541-0420.2006.00635.x}}
}

@artice{Karplus_Barrett_Hughey_1998,
title={Hidden Markov models for detecting remote protein homologies},
author={Karplus, K. and Barrett, C. and Hughey, R.},
journal={Bioinformatics},
year={1998},
volume={14},
number={10},
pages={846-856},
howpublished = {\url{https://doi.org/10.1093/bioinformatics/14.10.846}}
}

@artice{Eddy_1998,
title={Profile hidden Markov models},
author={Eddy, S. R.},
journal={Bioinformatics},
year={1998},
volume={14},
number={9},
pages={755-763},
howpublished = {\url{https://doi.org/10.1093/bioinformatics/14.9.755}}
}

@artice{Bode_Seitz_2018,
title={Using Hidden Markov Models to characterise intermittent social behaviour in fish shoals},
author={Bode, Nikolai W. F. and Seitz, Michael J.},
journal={The Science of Nature},
year={2018},
volume={105},
number={1-2},
pages={7},
howpublished = {\url{https://doi.org/10.1007/s00114-017-1534-9}}
}

@artice{Joo_Bertrand_Tam_Fablet_2013,
title={Hidden Markov Models: The Best Models for Forager Movements?},
author={Joo, Rocio and Bertrand, Sophie and Tam, Jorge and Fablet, Ronan},
journal={PLoS ONE},
year={2013},
volume={8},
number={8},
howpublished = {\url{https://doi.org/10.1371/journal.pone.0071246}}
}

@artice{Ronao_Cho_2017,
title={Recognizing human activities from smartphone sensors using hierarchical continuous hidden Markov models},
author={Ronao, Charissa Ann and Cho, Sung-Bae},
journal={International Journal of Distributed Sensor Networks},
year={2017},
volume={13},
number={1},
howpublished = {\url{https://doi.org/10.1177/1550147716683687}}
}

@artice{Yu_2010,
title={Hidden semi-Markov models},
author={Yu, Shun-Zheng},
journal={Artificial Intelligence},
year={2010},
volume={174},
number={2},
pages={215-243},
howpublished = {\url{https://doi.org/10.1016/j.artint.2009.11.011}}
}

@artice{levinson1986continuously,
title={Continuously variable duration hidden Markov models for automatic speech recognition},
author={Levinson, Stephen E},
journal={Computer Speech \& Language},
year={1986},
volume={1},
number={1},
pages={29-45},
howpublished = {\url{https://doi.org/10.1016/S0885-2308(86)80009-2}}
}

@artice{de_haan_rietdijk_use_2017,
title={On the {Use} of {Mixed} {Markov} {Models} for {Intensive} {Longitudinal} {Data}},
author={de Haan-Rietdijk, S. and Kuppens, P. and Bergeman, C. S. and Sheeber, L. B. and Allen, N. B. and Hamaker, E. L.},
journal={Multivariate Behavioral Research},
year={2017},
volume={52},
number={6},
pages={747-767},
howpublished = {\url{https://doi.org/10.1080/00273171.2017.1370364}}
}

@artice{inaba_mixed_2017,
title={Mixed Hidden Markov Models for Clinical Research with Discrete Repeated Measurements},
author={Inaba, Yosuke},
journal={American Journal of Theoretical and Applied Statistics},
year={2017},
volume={6},
number={6},
pages={290},
howpublished = {\url{https://doi.org/10.11648/j.ajtas.20170606.15}}
}

@artice{Schliehe_Diecks_Kappeler_Langrock_2012,
title={On the application of mixed hidden Markov models to multiple behavioural time series},
author={Schliehe-Diecks, S. and Kappeler, P. M. and Langrock, R.},
journal={Interface Focus},
year={2012},
volume={2},
number={2},
pages={180-189},
howpublished = {\url{https://doi.org/10.1098/rsfs.2011.0077}}
}

@artice{Zhang_Chang_2020,
title={A multilevel logistic hidden Markov model for learning under cognitive diagnosis},
author={Zhang, Susu and Chang, Hua-Hua},
journal={Behavior Research Methods},
year={2020},
volume={52},
number={1},
pages={408–421},
howpublished = {\url{https://doi.org/10.3758/s13428-019-01238-w}}
}

@artice{Long_Tang_Wang_Jiang_2019,
title={Monthly precipitation modeling using Bayesian Non-homogeneous Hidden Markov Chain},
author={Long, Yuannan and Tang, Rong and Wang, Hui and Jiang, Changbo},
journal={Hydrology Research},
year={2019},
volume={50},
number={2},
pages={562-576},
howpublished = {\url{https://doi.org/10.2166/nh.2018.077}}
}

@artice{Schafer_Wikle_VonBank_Ballard_Weegman_2020,
title={A Bayesian Markov Model with Pólya-Gamma Sampling for Estimating Individual Behavior Transition Probabilities from Accelerometer Classifications},
author={Schafer, Toryn L. J. and Wikle, Christopher K. and VonBank, Jay A. and Ballard, Bart M. and Weegman, Mitch D.},
journal={Journal of Agricultural, Biological and Environmental Statistics},
year={2020},
volume={25},
number={3},
pages={365-382},
howpublished = {\url{https://doi.org/10.1007/s13253-020-00399-y}}
}

@artice{Bos_Krieke_2020,
title={Recommendations for the use of long-term experience sampling in bipolar disorder care: a qualitative study of patient and clinician experiences},
author={Bos, Fionneke M. and Snippe, Evelien and Bruggeman, Richard and Doornbos, Bennard and Wichers, Marieke and van der Krieke, Lian},
journal={International Journal of Bipolar Disorders},
year={2020},
volume={8},
number={1},
pages={38},
howpublished = {\url{https://doi.org/10.1186/s40345-020-00201-5}}
}

@artice{Celeux_Hurn_Robert_2000,
title={Computational and Inferential Difficulties with Mixture Posterior Distributions},
author={Celeux, Gilles and Hurn, Merrilee and Robert, Christian P.},
journal={Journal of the American Statistical Association},
year={2000},
volume={95},
number={451},
pages={957-970},
howpublished = {\url{https://doi.org/10.1080/01621459.2000.10474285}}
}

@artice{Baum_Eagon_1967,
title={An inequality with applications to statistical estimation for probabilistic functions of Markov processes and to a model for ecology},
author={Baum, Leonard E. and Eagon, J. A.},
journal={Bulletin of the American Mathematical Society},
year={1967},
volume={73},
number={3},
pages={360-363},
howpublished = {\url{https://doi.org/10.1090/S0002-9904-1967-11751-8}}
}

@artice{Bang_Cho_Kang_2017,
title={Anomaly detection of network-initiated LTE signaling traffic in wireless sensor and actuator networks based on a Hidden semi-Markov Model},
author={Bang, June-ho and Cho, Young-Jong and Kang, Kyungran},
journal={Computers & Security},
year={2017},
volume={65},
pages={108–120},
howpublished = {\url{https://doi.org/10.1016/j.cose.2016.11.008}}
}

@artice{Tan_Xi_2008,
title={Hidden semi-Markov model for anomaly detection},
author={Tan, Xiaobin and Xi, Hongsheng},
journal={Applied Mathematics and Computation},
year={2008},
volume={205},
number={2},
pages={562–567},
howpublished = {\url{https://doi.org/10.1016/j.amc.2008.05.028}}
}

@artice{1388575,
title={Unsupervised learning and mapping of active brain functional MRI signals based on hidden semi-Markov event sequence models},
author={Faisan, S. and Thoraval, L. and Armspach, J.-P. and Metz-Lutz, M.-N. and Heitz, F.},
journal={IEEE Transactions on Medical Imaging},
year={2005},
volume={24},
number={2},
pages={263-276},
howpublished = {\url{https://doi.org/10.1109/TMI.2004.841225}}
}

@artice{van2010activity,
title={Activity recognition using semi-Markov models on real world smart home datasets},
author={Van Kasteren, TLM and Englebienne, Gwenn and Kr{\"o}se, Ben JA},
journal={Journal of ambient intelligence and smart environments},
year={2010},
volume={2},
number={3},
pages={311-325},
howpublished = {\url{https://doi.org/10.3233/AIS-2010-0070}}
} 

@artice{Baum_Petrie_1966,
title={Statistical Inference for Probabilistic Functions of Finite State Markov Chains},
author={Baum, Leonard E. and Petrie, Ted},
journal={The Annals of Mathematical Statistics},
year={1966},
volume={37},
number={6},
pages={1554-1563},
howpublished = {\url{https://doi.org/10.1214/aoms/1177699147}}
}

@artice{Markov_1913,
title={Essai d'une recherche statistique sur le texte du roman ``{E}ugene
  {O}negin'' illustrant la liaison des epreuve en chain ({`Example} of a
  statistical investigation of the text of ``{E}ugene {O}negin" illustrating
  the dependence between samples in chain')},
author={Markov A.},
journal={Izvistia Imperatorskoi Akademii Nauk (Bulletin de {l'Acad\'{e}mie}},
year={1913},
volume={7},
number={1},
pages={153-162}
}

@artice{Tokdar_Xi_Kelly_Kass_2010,
title={Detection of bursts in extracellular spike trains using hidden semi-Markov point process models},
author={Tokdar, Surya and Xi, Peiyi and Kelly, Ryan C. and Kass, Robert E.},
journal={Journal of Computational Neuroscience},
year={2010},
volume={29},
number={1},
pages={203-212},
howpublished = {\url{https://doi.org/10.1007/s10827-009-0182-2}}
}

@artice{Nagaraja_1996,
title={The Inverse Gaussian Distribution: A Case Study in Exponential Families (V. Seshadri)},
author={Nagaraja, H. N.},
journal={SIAM Review},
year={1996},
volume={38},
number={2},
pages={350-350},
howpublished = {\url{https://doi.org/10.1137/1038065}}
}

@artice{Viterbi_1967,
title={Error bounds for convolutional codes and an asymptotically optimum decoding algorithm},
author={Viterbi, A.},
journal={IEEE Transactions on Information Theory},
year={1967},
volume={13},
number={2},
pages={260–269},
howpublished = {\url{https://doi.org/10.1109/TIT.1967.1054010}}
}

@artice{Cohen_1960,
title={A Coefficient of Agreement for Nominal Scales},
author={Cohen, Jacob},
journal={Educational and Psychological Measurement},
year={1960},
volume={20},
number={1},
pages={37–46},
howpublished = {\url{https://doi.org/10.1177/001316446002000104}}
}

@artice{Scott_2002,
title={Bayesian Methods for Hidden Markov Models: Recursive Computing in the 21st Century},
author={Scott, Steven L},
journal={Journal of the American Statistical Association},
year={2002},
volume={97},
number={457},
pages={337–351},
howpublished = {\url{https://doi.org/10.1198/016214502753479464}}
}

@artice{Brooks_Gelman_1998,
title={General Methods for Monitoring Convergence of Iterative Simulations},
author={Brooks, Stephen P. and Gelman, Andrew},
journal={Journal of Computational and Graphical Statistics},
year={1998},
volume={7},
number={4},
pages={434},
howpublished = {\url{https://doi.org/10.2307/1390675}}
}

@artice{Muneer_2017,
title={Mixed States in Bipolar Disorder: Etiology, Pathogenesis and Treatment},
author={Muneer, Ather},
journal={Chonnam Medical Journal},
year={2017},
volume={53},
number={1},
pages={1},
howpublished = {\url{https://doi.org/10.4068/cmj.2017.53.1.1}}
}

@artice{Maslach_Leiter_2016,
title={Understanding the burnout experience: recent research and its implications for psychiatry},
author={Maslach, Christina and Leiter, Michael P.},
journal={},
year={2016},
volume={15},
number={2},
pages={103–111},
howpublished = {\url{https://doi.org/10.1002/wps.20311}}
}

@artice{Kukopulos_Reginaldi_Laddomada_Floris_Serra_Tondo_2008,
title={Course of the Manic-Depressive Cycle and Changes Caused by Treatments},
author={Kukopulos, A. and Reginaldi, D. and Laddomada, P. and Floris, G. and Serra, G. and Tondo, L.},
journal={Pharmacopsychiatry},
year={2008},
volume={13},
number={4},
pages={156–167},
howpublished = {\url{https://doi.org/10.1055/s-2007-1019628}}
}

@artice{Bulik_Butner_Tregarthen_Thornton_Flatt_Smith_Carroll_Baucom_Deboeck_2020,
title={The Binge Eating Genetics Initiative (BEGIN): study protocol},
author={Bulik, Cynthia M. and Butner, Jonathan E. and Tregarthen, Jenna and Thornton, Laura M. and Flatt, Rachael E. and Smith, Tosha and Carroll, Ian M. and Baucom, Brian R.W. and Deboeck, Pascal R.},
journal={BMC Psychiatry},
year={2020},
volume={20},
number={1},
pages={307},
howpublished = {\url{https://doi.org/10.1186/s12888-020-02698-7}}
}

@proceeding{cohen_emo,
title={Emotion Recognition from Facial Expressions using Multilevel HMM},
author={Cohen, Ira and Garg, Ashutosh},
journal={Neural information processing systems},
year={2000},
volume={2},
howpublished = {\url{https://www.ifp.illinois.edu/~iracohen/publications/mlhmmemotions.pdf}}
}

@artice{Czúni_2010,
title={Detection of unusual optical flow patterns by multilevel hidden Markov models},
author={Czúni, László},
journal={Optical Engineering},
year={2010},
volume={49},
number={1},
howpublished = {\url{https://doi.org/10.1117/1.3280284}}
}

@article{plummer2006coda,
  title={CODA: convergence diagnosis and output analysis for MCMC},
  author={Plummer, Martyn and Best, Nicky and Cowles, Kate and Vines, Karen and others},
  journal={R news},
  volume={6},
  number={1},
  pages={7-11},
  year={2006},
  howpublished = {\url{https://journal.r-project.org/articles/RN-2006-002/RN-2006-002.pdf}}
}
@artice{Frühwirth-Schnatter_2001,
title={Markov chain Monte Carlo Estimation of Classical and Dynamic Switching and Mixture Models},
author={Frühwirth-Schnatter, Sylvia},
journal={Journal of the American Statistical Association},
year={2001},
volume={96},
number={453},
pages={194–209},
howpublished = {\url{https://doi.org/10.1198/016214501750333063}}
}

@artice{Rydén_2008,
title={EM versus Markov chain Monte Carlo for estimation of hidden Markov models: a computational perspective},
author={Rydén, Tobias},
journal={Bayesian Analysis},
year={2008},
volume={3},
number={4},
howpublished = {\url{https://doi.org/10.1214/08-BA326}}
}

@artice{Turner_2008,
title={Direct maximization of the likelihood of a hidden Markov model},
author={Turner, Rolf},
journal={Computational Statistics & Data Analysis},
year={2008},
volume={52},
number={9},
pages={4147–4160},
howpublished = {\url{https://doi.org/10.1016/j.csda.2008.01.029}}
}

@artice{Rabiner_1989,
  author={Rabiner, L.R.},
  journal={Proceedings of the IEEE}, 
  title={A tutorial on hidden Markov models and selected applications in speech recognition}, 
  year={1989},
  volume={77},
  number={2},
  pages={257-286},
  howpublished ={\url{https://doi.org/10.1109/5.18626}}
}

@artice{faisan2002hidden,
title={Hidden semi-Markov event sequence models: Application to brain functional MRI sequence analysis},
author={Faisan, Sylvain and Thoraval, Laurent and Armspach, J-P and Heitz, Fabrice},
journal={Proceedings. International Conference on Image Processing},
year={2002},
volume={1},
howpublished = {\url{https://doi.org/10.1109/ICIP.2002.1038166}}
}

@artice{duong2005activity,
title={Activity recognition and abnormality detection with the switching hidden semi-markov model},
author={Duong, Thi V and Bui, Hung Hai and Phung, Dinh Q and Venkatesh, Svetha},
journal={2005 IEEE Computer Society Conference on Computer Vision and Pattern Recognition (CVPR'05)},
year={2005},
volume={1},
pages={838-845},
howpublished = {\url{https://doi.org/10.1109/CVPR.2005.61}}
}

@Manual{mHMMbayespackage,
    title = {mHMMbayes: Multilevel Hidden Markov Models Using Bayesian Estimation},
    author = {Emmeke Aarts},
    year = {2023},
    note = {R package version 0.1.1.9002},
    howpublished = {\url{https://github.com/emmekeaarts/mHMMbayes}}
  }

@artice{4118806,
title={Coupled Hidden Semi Markov Models for Activity Recognition},
author={Natarajan, Pradeep and Nevatia, Ramakant},
journal={2007 IEEE Workshop on Motion and Video Computing (WMVC'07)},
year={2007},
pages={10},
howpublished = {\url{https://doi.org/10.1109/WMVC.2007.12}}
}

@artice{russell1985explicit,
title={Explicit modelling of state occupancy in hidden Markov models for automatic speech recognition},
author={Russell, Martin and Moore, Roger},
journal={ICASSP'85. IEEE International Conference on Acoustics, Speech, and Signal Processing},
year={1985},
volume={10},
pages={5-8},
howpublished = {\url{https://doi.org/10.1109/ICASSP.1985.1168477}}
}

@artice{ginn_sample_2022,
title={Sample Size Considerations for Bayesian Multilevel Hidden Markov Models: A Simulation Study on Multivariate Continuous Data with highly overlapping Component Distributions based on Sleep Data},
author={Ginn, Jasper and Moraga, Sebastian Mildiner and Aarts, Emmeke},
journal={},
year={2022},
howpublished = {\url{https://doi.org/10.48550/arXiv.2201.09033}}
}

% --------------------------- PDTHESIS ---------------------------
@phdthesis{Emm_Th,
  author  = {E. Aarts},
  title   = {Beyond the average: Choosing and improving statistical methods to optimize inference from complex neuroscience data},
  school  = {Vrije Universiteit Amsterdam},
  year    = {2016},
  howpublished = {\url{https://doi.org/10.48550/arXiv.2201.09033}}
}
@article{Beyer_Morales_Murray_Fortin_2013, 
title={The effectiveness of Bayesian state-space models for estimating behavioural states from movement paths}, 
volume={4},
howpublished={\url{https://doi.org/10.1111/2041-210X.12026}, 
number={5}, 
journal={Methods in Ecology and Evolution}, 
author={Beyer, Hawthorne L. and Morales, Juan M. and Murray, Dennis and Fortin, Marie-Josée}, 
year={2013},
pages={433–441}, 
language={en} }

@inbook{Boussemart,
author = {Yves Boussemart and Jonathan Las Fargeas and Mary L. Cummings and Nicholas Roy},
title = {Comparing Learning Techniques for Hidden Markov Models of Human Supervisory Control Behavior},
booktitle = {AIAA Infotech@Aerospace Conference},
year={2009},
howpublished ={\url{https://doi.org/10.2514/6.2009-1842} }
}

@inbook{1168477,
author = {Russell, M. and Moore, R.},
title = {Explicit modelling of state occupancy in hidden Markov models for automatic speech recognition},
booktitle = {ICASSP '85. IEEE International Conference on Acoustics, Speech, and Signal Processing},
volume={10},
pages = {5-8},
year={1985},
howpublished ={\url{https://doi.org/10.1109/ICASSP.1985.1168477} }
}

@inbook{1595592,
title = {Efficient Coxian Duration Modelling for Activity Recognition in Smart Environments with the Hidden semi-Markov Model},
author = {Duong, T.V. and Phung, D.Q. and Bui, H.H. and Venkatesh, S.},
booktitle = {2005 International Conference on Intelligent Sensors, Sensor Networks and Information Processing},
year={2005},
pages = {277-282},
howpublished ={\url{https://doi.org/10.1109/ISSNIP.2005.1595592} }
}

@inbook{1699502,
title = {Human Behavior Recognition with Generic Exponential Family Duration Modeling in the Hidden Semi-Markov Model},
author = {Duong, T.V. and Phung, D.Q. and Bui, H.H. and Venkatesh, S.},
booktitle = {18th International Conference on Pattern Recognition (ICPR'06)},
year={2006},
volume={3},
pages = {202-207},
howpublished ={\url{https://doi.org/10.1109/ICPR.2006.635}}
}

@inbook{baratchi_hierarchical_2014,
title = {A hierarchical hidden semi-{Markov} model for modeling mobility data},
author = {Baratchi, Mitra and Meratnia, Nirvana and Havinga, Paul J. M. and Skidmore, Andrew K. and Toxopeus, Bert A. K. G.},
booktitle = {Proceedings of the 2014 {ACM} {International} {Joint} {Conference} on {Pervasive} and {Ubiquitous} {Computing}},
year={2014},
pages = {401–412},
howpublished ={\url{https://doi.org/10.1145/2632048.2636068}}
}

@inbook{freguson1980variable,
title = {Variable duration models for speech},
author = {Freguson, JD},
booktitle = {Proc. Symposium on the Application of Hidden Markov Models to Text and Speech, 1980},
year={1980},
volume={},
pages = {143–179},
}


@book{Mamon_Elliott_2007,
author = {Rogemar S. Mamon, Robert J. Elliott},
title = {Hidden Markov models in finance},
publisher = {Springer},
year = {2007},
address = {New York},
isbn = {9780387710815},
howpublished ={\url{https://doi.org/10.1007/0-387-71163-5}}
}

@book{atkeson_oxford_2018,
author = {Atkeson, Lonna Rae and Alvarez, R. Michael},
title = {The Oxford Handbook of Polling and Survey Methods},
publisher = {Oxford University Press},
year = {2018},
address = {New York},
isbn = {9780190903824},
howpublished ={\url{https://doi.org/10.1093/oxfordhb/9780190213299.002.0003}}
}

@book{Little_Rubin_2019,
author = {Little, Roderick and Rubin, Donald},
title = {Statistical Analysis with Missing Data, Third Edition},
publisher = {Wiley},
year = {2019},
address = {Hoboken},
isbn = {9780470526798},
howpublished ={\url{https://doi.org/10.1002/9781119482260}}
}

@book{Lynch_2007,
author = {Lynch, Scott M.},
title = {Introduction to applied Bayesian statistics and estimation for social scientists},
publisher = {Springer},
year = {2007},
address = {New York},
isbn = {9780387712642},
howpublished ={\url{https://doi.org/10.1007/978-0-387-71265-9}}
}

@book{mclachlan_finite_2004,
author = {{McLachlan}, Geoffrey J. and Peel, David},
title = {Finite Mixture Models},
publisher = {John Wiley \& Sons},
year = {2004},
address = {Hoboken},
isbn = {9780471654063},
howpublished ={\url{https://doi.org/10.1002/0471721182}}
}


@artice{mildiner_moraga_bos_doornbos_bruggeman_van_2023,
author = {Mildiner Moraga, Sebastian and Bos, Fionneke M and Doornbos, Bennard and Bruggeman, Richard and van der Krieke, Lian and Snippe, Evelien and Aarts, Emmeke},
title = {Evidence for severe mood instability in patients with bipolar disorder: Applying multilevel hidden Markov modelling to intensive longitudinal ecological momentary assessment data},
publisher = {PsyArXiv},
year = {2023},
howpublished ={\url{https://doi.org/10.31234/osf.io/egp82}}
}

@book{bolger2013intensive,
author = {Bolger, Niall and Laurenceau, Jean-Philippe},
title = {Intensive longitudinal methods: An introduction to diary and experience sampling research},
publisher = {Guilford Press},
year = {2013},
address = {New York},
isbn = {9781462506781},
howpublished ={\url{http://www.intensivelongitudinal.com}}
}


@book{McLachlan_Peel_2000,
author = {McLachlan, Geoffrey and Peel, David},
title = {Finite Mixture Models: McLachlan/Finite Mixture Models},
publisher = {John Wiley & Sons},
year = {2000},
address = {Hoboken},
isbn = {9780471721185},
howpublished ={\url{https://doi.org/10.1002/0471721182}}
}


@book{Durbin_1998,
author = {Cambridge},
title = {Biological sequence analysis: probabilistic models of proteins and nucleic acids},
publisher = {Cambridge University Press},
year = {1998},
address = {Richard Durbin, Sean R. Eddy, Anders Krogh, Graeme Mitchison},
isbn = {9780521620413},
howpublished ={\url{https://doi-org.proxy.library.uu.nl/10.1017/CBO9780511790492}}
}


@book{Zucchini_MacDonald_2009,
author = {Zucchini, W. and MacDonald, Iain L.},
title = {Hidden Markov models for time series: an introduction using R},
publisher = {CRC Press},
year = {2009},
address = {Boca Raton},
isbn = {9780511790492},
howpublished ={\url{https://doi.org/10.1201/9781420010893}}
}

@book{Walls_Schafer_2006,
author = {A. Walls and JL. Schafer},
title = {Models for intensive longitudinal data},
publisher = {Oxford University Press},
year = {2006},
address = {Oxford},
isbn = {9780195173444},
howpublished ={\url{https://doi.org/10.1093/acprof:oso/9780195173444.001.0001}}
}

@book{visser_mixture_2022,
author = {Visser, Ingmar and Speekenbrink, Maarten},
title = {Mixture and {Hidden} {Markov} {Models} with {R}},
publisher = {Springer International Publishing},
year = {2022},
address = {Cham},
isbn = {9783031014406},
howpublished ={\url{https://doi.org/10.1007/978-3-031-01440-6}}
}

%new (don't touch)
@artice{Ruiz_Suarez_2022,
title={Hidden Markov and Semi-Markov Models When and Why are These Models Useful for Classifying States in Time Series Data?},
author={Ruiz-Suarez, Sofia and Leos-Barajas, Vianey and Morales, Juan Manuel},
journal={Journal of Agricultural, Biological and Environmental Statistics},
year={2000},
volume={27},
number={2},
pages={339–363},
howpublished = {\url{https://doi.org/10.1007/s13253-021-00483-x}}
}
@article{Altman_Hedeker_Peterson_Davis_1997, title={The Altman Self-Rating Mania Scale}, 
volume={42}, 
howpublished = {\url{https://doi.org/10.1016/S0006-3223(96)00548-3}},
number={10},
journal={Biological Psychiatry}, 
author={Altman, Edward G. and Hedeker, Donald and Peterson, James L. and Davis, John M.}, 
year={1997},
pages={948–955}}


@article{Rush_2003,
title={The 16-Item quick inventory of depressive symptomatology (QIDS), clinician rating (QIDS-C), and self-report (QIDS-SR): a psychometric evaluation in patients with chronic major depression}, 
volume={54}, 
howpublished = {\url{https://doi.org/10.1016/S0006-3223(02)01866-8}}, 
number={5}, 
journal={Biological Psychiatry}, 
author={Rush, A.John and Trivedi, Madhukar H and Ibrahim, Hicham M and Carmody, Thomas J and Arnow, Bruce and Klein, Daniel N and Markowitz, John C and Ninan, Philip T and Kornstein, Susan and Manber, Rachel and Thase, Michael E and Kocsis, James H and Keller, Martin B}, 
year={2003}, 
pages={573–583} }

 @article{Bernstein_Rush_Suppes_Kyotoku_Warden_2010, title={The Quick Inventory of Depressive Symptomatology (Clinician and Self-Report Versions) in Patients With Bipolar Disorder},
 volume={15},
 howpublished ={\url{https://doi.org/10.1017/S1092852900029230}},
 number={6},
 journal={CNS Spectrums},
 author={Bernstein, Ira H. and Rush, A. John and Suppes, Trisha and Kyotoku, Yakasushi and Warden, Diane},
 year={2010},
 pages={367–373} }

 @misc{hadjamar2022bayesian,
      title={Bayesian Approximations to Hidden Semi-Markov Models for Telemetric Monitoring of Physical Activity}, 
      author={Beniamino Hadj-Amar and Jack Jewson and Mark Fiecas},
      year={2022},
      eprint={2006.09061},
      archivePrefix={arXiv},
      primaryClass={stat.ME}
}

@article{LUATI2021107183,
title = {Explicit-duration Hidden Markov Models for quantum state estimation},
journal = {Computational Statistics & Data Analysis},
volume = {158},
pages = {107183},
year = {2021},
howpublished={\url{https://doi.org/10.1016/j.csda.2021.107183}},
author = {Alessandra Luati and Marco Novelli},
}

@article{POHLE2022107479,
title = {Flexible estimation of the state dwell-time distribution in hidden semi-Markov models},
journal = {Computational Statistics & Data Analysis},
volume = {172},
pages = {107479},
year = {2022},
issn = {0167-9473},
howpublished = \url{{https://doi.org/10.1016/j.csda.2022.107479}},
author = {Jennifer Pohle and Timo Adam and Larissa T. Beumer},
}
